<?xml version="1.0" encoding="UTF-8"?><record xmlns="http://www.loc.gov/MARC21/slim" xmlns:cinclude="http://apache.org/cocoon/include/1.0" xmlns:zs="http://www.loc.gov/zing/srw/">
  <leader>00441nz  a2200133n  4500</leader>
  <controlfield tag="001">n 2003099188</controlfield>
  <controlfield tag="003">DLC</controlfield>
  <controlfield tag="005">20030523183832.0</controlfield>
  <controlfield tag="008">030523n| acannaabn          |a aaa      </controlfield>
  <datafield tag="010" ind1=" " ind2=" ">
    <subfield code="a">n 2003099188</subfield>
  </datafield>
  <datafield tag="040" ind1=" " ind2=" ">
    <subfield code="a">DLC</subfield>
    <subfield code="b">eng</subfield>
    <subfield code="c">DLC</subfield>
  </datafield>
  <datafield tag="100" ind1="1" ind2=" ">
    <subfield code="a">Cornejo Alvarado, Ismael</subfield>
  </datafield>
  <datafield tag="400" ind1="1" ind2=" ">
    <subfield code="a">Alvarado, Ismael Cornejo</subfield>
  </datafield>
  <datafield tag="670" ind1=" " ind2=" ">
    <subfield code="a">His Autenticidad maso휍혖nica, 2003:</subfield>
    <subfield code="b">t.p. (M.R.H. Ismael Cornejo Alvarado, gran maestro de Masones del Peru휍혖, 25 Mar 2000-25 Mar 2002)</subfield>
  </datafield>
</record>